@book{vaart_1998,
  place      = {Cambridge},
  series     = {Cambridge Series in Statistical and Probabilistic Mathematics},
  title      = {Asymptotic Statistics},
  doi        = {10.1017/CBO9780511802256},
  publisher  = {Cambridge University Press},
  author     = {Vaart, A. W. van der},
  year       = {1998},
  collection = {Cambridge Series in Statistical and Probabilistic Mathematics}
}